@misc{GlaDOS,
    author= {{GlaDOS}},
    year  = {2022},
    title = {Terminals, {Terminals Setup}},
    note  = {\url{https://glados.rocks/console/terminal}},
}

@misc{wikipedia_Mandelbrot,
    author= {{wikipedia}},
    year  = {2022},
    title = {Mandelbrot set},
    note  = {\url{https://en.wikipedia.org/wiki/Mandelbrot_set}},
}