@misc{GlaDOS,
    author= {{GlaDOS}},
    year  = {2022},
    title = {Terminals, {Terminals Setup}},
    note  = {\url{https://glados.rocks/console/terminal}},
}
@book{mathematical_analysis,
  author = {华东师范大学数学科学学院}, 
  title = {数学分析,{第五版 上册}},
  publisher = {高等教育出版社},
  year = 2019
}
@misc{GSL_roots,
    author= {{GSL}},
    title = {One Dimensional Root-Finding},
    note  = {\url{https://www.gnu.org/software/gsl/doc/html/roots.html}},
}
@misc{nb_zhihu,
    author= {{梁唐}},
    year  = {2020},
    title = {快速求解方程的根——二分法与牛顿迭代法},
    note  = {\url{https://zhuanlan.zhihu.com/p/112845185}},
}